<record><leader>00000cas a22000007a 4500</leader><controlfield tag="001">12654060</controlfield><controlfield tag="008">851010d18uu187ulauwr ne      0    0eng d</controlfield><datafield ind1=" " ind2=" " tag="010"><subfield code="a">sn 85034320 </subfield></datafield><datafield ind1=" " ind2=" " tag="040"><subfield code="a">NPU</subfield><subfield code="b">eng</subfield><subfield code="c">NPU</subfield><subfield code="d">NPX</subfield><subfield code="d">PPM</subfield><subfield code="d">MGN</subfield><subfield code="d">OCLCQ</subfield><subfield code="d">OCLCO</subfield></datafield><datafield ind1="1" ind2=" " tag="029"><subfield code="a">AU@</subfield><subfield code="b">000025838925</subfield></datafield><datafield ind1=" " ind2=" " tag="042"><subfield code="a">msc</subfield></datafield><datafield ind1="0" ind2=" " tag="130"><subfield code="a">Blackburn's Homer Iliad (Homer, La.)</subfield></datafield><datafield ind1="1" ind2="0" tag="245"><subfield code="a">Blackburn's Homer Iliad.</subfield></datafield><datafield ind1="3" ind2="0" tag="246"><subfield code="a">Homer Iliad</subfield></datafield><datafield ind1="3" ind2="0" tag="246"><subfield code="a">Blackburn's Phoenix Homer Iliad</subfield></datafield><datafield ind1=" " ind2=" " tag="260"><subfield code="a">Homer, La. :</subfield><subfield code="b">W. Jasper Blackburn</subfield></datafield><datafield ind1=" " ind2=" " tag="300"><subfield code="a">v. ;</subfield><subfield code="c">61 cm.</subfield></datafield><datafield ind1=" " ind2=" " tag="310"><subfield code="a">Weekly</subfield></datafield><datafield ind1=" " ind2=" " tag="500"><subfield code="a">Published as: Blackburn's Phoenix Homer Iliad, &lt;Aug. 8-29&gt; 1868.</subfield></datafield><datafield ind1=" " ind2=" " tag="500"><subfield code="a">Publishers: W. Jasper Blackburn, &lt;1867&gt;; W. Jasper Blackburn &amp; Sons, &lt;1873&gt;; W. Jasper Blackburn, &lt;1876&gt;.</subfield></datafield><datafield ind1=" " ind2=" " tag="500"><subfield code="a">Editor: W. Jasper Blackburn, &lt;1876&gt;.</subfield></datafield><datafield ind1=" " ind2=" " tag="588"><subfield code="a">Description based on: Vol. 5, no. 25 (June 20, 1863).</subfield></datafield><datafield ind1="1" ind2=" " tag="700"><subfield code="a">Blackburn, W. Jasper</subfield><subfield code="q">(William Jasper),</subfield><subfield code="d">1820-1899.</subfield></datafield><datafield ind1=" " ind2=" " tag="752"><subfield code="a">United States</subfield><subfield code="b">Louisiana</subfield><subfield code="c">Claiborne</subfield><subfield code="d">Homer.</subfield></datafield></record>